@book{leskovec2020mining,
  title={Mining of massive data sets},
  author={Leskovec, Jure and Rajaraman, Anand and Ullman, Jeffrey David},
  year={2020},
  publisher={Cambridge university press}
}

@article{gluchowski2008management,
  title={Management Support Systeme und Business Intelligence—Anwendungssysteme zur Unterst{\"u}tzung von Managementaufgaben},
  author={Gluchowski, Peter and Gabriel, Roland and Dittmar, Carsten},
  journal={Management Support Systeme und Business Intelligence: Computergest{\"u}tzte Informationssysteme f{\"u}r Fach-und F{\"u}hrungskr{\"a}fte},
  pages={1--16},
  year={2008},
  publisher={Springer}
}

@book{banerjee2014linear,
  title={Linear algebra and matrix analysis for statistics},
  author={Banerjee, Sudipto and Roy, Anindya},
  year={2014},
  publisher={Crc Press}
}

@misc{gensimword2vec,
  author = {bangseogs},
  title = {{Unüberwachtes Lernen mit Word2Vec (Gensim) und KMeans (Natural Language Processing)}},
  howpublished = "\url{https://bangseogs.tistory.com/95}",
  year = {2019},
}

@misc{cluster,
  author = {Dylan Castillo},
  title = {{How to Cluster Documents Using Word2Vec and K-means}},
  howpublished = "\url{https://dylancastillo.co/nlp-snippets-cluster-documents-using-word2vec/}",
  year = {2021},
}

@misc{twitter-sentiment-analysis2,
    author = {Azhar Yebekenova},
    title = {Twitter sentiment analysis},
    publisher = {Kaggle},
    year = {2017},
    url = {https://kaggle.com/competitions/twitter-sentiment-analysis2}
}


